@manual{USDAmanual,
  title        = {Collecting and Preserving Insects and Mites, Techniques \& Tools},
  author       = {{M. E. Schauff, ed.}}, 
  organization = {Systematic Entomology Laboratory, USDA},
  address      = {Washington, DC},
  year         = 2005,
  note	=	{\url{http://www.ars.usda.gov/Main/docs.htm?docid=10141&page=1}}
  }
  
@manual{USDAmanual1986,
  title        = {Insects and mites: techniques for collection and preservation},
  author       = {Steyskal, George C AND Murphy, William L., Jr AND Hoover, Edna M}, 
  organization = {U.S. Department of Agriculture},
  address      = {Washington, DC},
  year         = {1986},
  note = {\url{https://archive.org/details/insectsmitestech1443stey}}
}
%%%%%%%%%%%%%%%%%

@article{packinginsects,
author = {Curtis W. Sabrosky},
year = {1971},
title = {Packing and shipping pinned insects},
journal = {Bulletin of the Entomological Society of America},
volume = {17},
pages = {6--8},
doi = {10.1093/besa/17.1.6}
}

@misc{MCZpolicy,
	author = {{MCZ} Staff},
    year = {1996},
  title = {{MCZ} {C}ollections {O}perations {P}olicies \& {P}rotocol},
  howpublished = {\url{http://www.mcz.harvard.edu/collectionsoperations/coll_mgt_policy.html}},
  note = {Accessed: 27 July 2016}
}

@misc{NHMpolicy,
	author = {{NHM} Staff},
    year = {2003},
  title = {{L}ife and {E}arth {S}ciences and {L}ibrary {C}ollections. {C}uratorial {P}olicies and {C}ollections {M}anagement {P}rocedures},
  howpublished = {\url{http://www.nhm.ac.uk/resources-rx/files/life-earth-sciences-18441.pdf}},
  note = {Accessed: 27 July 2016}
}

@misc{NMNHEntpolicy,
	author = {{NMNH} {E}ntomology {S}taff},
    year = {2008},
  title = {{E}ntomology {C}ollections {M}anagement {P}rocedures},
  howpublished = {\url{http://entomology.si.edu/Collections/ECMProcedures_2008.pdf}},
  note = {Accessed: 27 July 2016}
}

@misc{NMNHpolicy,
	author = {{NMNH} {S}taff},
    year = {2012},
  title = {National {M}useum of {N}atural {H}istory {C}ollections {M}anagement {P}olicy},
  howpublished = {\url{http://naturalhistory.si.edu/rc/biorepository/docs/NMNH_Colls_Mgmt_Policy_April_2012.pdf}},
  note = {Accessed: 27 July 2016}
}

@misc{PSUEMS,
	author = {R. W. Graham},
    year = {2012},
  title = {{P}ennsylvania {S}tate {U}niversity {E}arth and {M}ineral {S}ciences {M}useum {C}ollections {M}anagement {P}olicy},
  howpublished = {\url{http://www.ems.psu.edu/sites/default/files/u5/museum/collectionspolicy.pdf}},
  note = {Accessed: 27 July 2016}
}

@misc{UtahCMP,
	author = {J. Krishna},
    year = {2015},
  title = {Utah {M}useum of {N}atural {H}istory
{C}ollections {M}anagement {P}olicy},
  howpublished = {\url{https://nhmu.utah.edu/sites/default/files/attachments/FINAL.Sept2015.CMP_.pdf}},
  note = {Accessed: 27 July 2016}
}

@misc{PSUethics,
	author = {Penn {S}tate {U}niversity {E}thics {C}ommittee},
    year = {2016},
  title = {Pennsylvania {S}tate {U}niversity {O}ffice of {E}thics and {C}ompliance},
  howpublished = {\url{http://universityethics.psu.edu/}},
  note = {Accessed: 27 July 2016. This Web resource provides Penn State's values statement, policies, and other related documents.}
}

@misc{AAMethics,
	author = {American {A}lliance of {M}useums},
    year = {2000},
  title = {Code of {E}thics for {M}useums},
  howpublished = {\url{http://www.aam-us.org/resources/ethics-standards-and-best-practices/code-of-ethics}},
  note = {Accessed: 27 July 2016}
}

@misc{PSUintellectual,
	author = {Penn {S}tate {U}niversity {O}ffice of {S}ponsored {P}rograms} ,
    year = {2016},
  title = {Penn State's Position on Intellectual Property},
  howpublished = {\url{https://www.research.psu.edu/osp/overview-pages/intellectual-property-negotiation-principles}},
  note = {Accessed: 27 July 2016}
}

@misc{KUmammals,
	author = {{M}ammalogy {D}ivision {S}taff, {KU} {B}iodiversity {I}nstitute \& {N}atural {H}istory {M}useum},
    year = {2016},
  title = {Tissue and Destructive Sampling Policy},
  howpublished = {\url{https://biodiversity.ku.edu/mammalogy/collections/tissue-policy}},
  note = {Accessed: 2 August 2016}
}

@book{coden,
title = {The Insect and Spider Collections of the World},
author = {R.H. Arnett AND G.A. Samuelson AND G.M. Nishida},
edition = {2nd},
year = {1993},
publisher = {Flora \& Fauna Publications}
}